% For theses, particularly in Norway, search for the "https://hdl.handle.net/" and use that for "URL" to ensure you use a permanent link.
@Thesis{LastName2045norwegian,
  title = {Norwegian Hydropower Development Strategies: A Analysis of Private Investments between 2010--2020},
  author = {FirstName LastName},
  year = 2045,
  url = {https://hdl.handle.net/00000/0000000},
  school = {Norwegian University of Life Sciences},
  type = {Master's thesis},
}

% The authors name can be written as "last name, first name" (with a comma in between)
@Thesis{Temult2038binding,
  title = {Binding strategies in molecular dynamical modelling with Monte Carlo simulations},
  author = {Temult, Liliana},
  year = 2038,
  url = {https://hdl.handle.net/00000/0000000},
  school = {Norwegian University of Life Sciences},
  type = {PhD thesis},
}

% For articles, you should always find the DOI and use "doi" in the bib. The DOI (digital object identifier) is a permanent link to an article. If you have a DOI, you should remove any URLs.
% To separate authors, use "and". Commas cannot be used to separate authors.
@article{Beck2005timeseries,
  title = {From Time Series to Superstatistics},
  author = {Beck, Christian and Cohen, Ezechiel G. D. and Swinney, Harry L.},
  journal = {Physical Review E},
  volume = {72},
  number = {5},
  pages = {056133},
  year = {2005},
  publisher = {American Physical Society},
  doi = {10.1103/PhysRevE.72.056133}
}

% All articles have a "volume" and most have at least a "number" or an "issue"
@article{Beck2000application,
  title = {Application of Generalized Thermostatistics to Fully Developed Turbulence},
  author = {Beck, Christian},
  journal = {Physica A: Statistical Mechanics and its Applications},
  volume = {277},
  number = {1},
  pages = {115--123},
  issn = {0378-4371},
  year = {2000},
  doi = {10.1016/S0378-4371(99)00508-7}
}

% For books you need to include as well the "publisher", e.g. "Springer", and a location, e.g. "Berlin".
% You must also include the ISBN (preferably the ISBN-13, which has 13 numbers). If the book has a DOI, include it as well.
% Lastly, you should include the book edition, "1" in this case. Note that some bibliography styles only show the edition if it is not the first edition.
@book{Abe2001nonextensive,
  title = {Nonextensive Statistical Mechanics and Its Applications},
  author = {Sumiyoshi Abe and Yuko Okamoto},
  year = {2001},
  publisher = {Springer Berlin},
  edition = {1},
  isbn = {978-3-540-41208-3},
  doi = {10.1007/3-540-40919-X}
}

% Some "articles" are known as "proceedings" as they are the proceedings of a conference. These usually have a "booktitle" as they are published as part of a book. Most of the time, they do not have a volume or number, but they should always have a DOI.
@inproceedings{Milano2018,
  author = {Milano, Federico and D\"orfler, Florian and Hug, Gabriela and Hill, David J. and Verbi{\v{c}}, Gregor},
  booktitle = {2018 Power Systems Computation Conference (PSCC)}, 
  title = {Foundations and Challenges of Low-Inertia Systems (Invited Paper)}, 
  year = {2018},
  volume = {},
  number = {},
  pages = {1--25},
  doi = {10.23919/PSCC.2018.8450880}
}

@inproceedings{Jozefowicz2015empirical,
  title={An empirical exploration of recurrent network architectures},
  author={Jozefowicz, Rafal and Zaremba, Wojciech and Sutskever, Ilya},
  booktitle={International Conference on Machine Learning},
  pages={2342--2350},
  year={2015},
  volume = {37},
  url = {https://proceedings.mlr.press/v37/jozefowicz15.html}
}

% Most software that we use nowadays also has citations. In a programming-intensive thesis, you should cite the relevant packages you have used. Below are three examples of often-used python libraries: Scipy, numpy, and matplotlib.
@article{SciPy,
  author  = {Virtanen, Pauli and Gommers, Ralf and Oliphant, Travis E. and Haberland, Matt and Reddy, Tyler and Cournapeau, David and Burovski, Evgeni and Peterson, Pearu and Weckesser, Warren and Bright, Jonathan and {van der Walt}, St{\'e}fan J. and Brett, Matthew and Wilson, Joshua and Millman, K. Jarrod and Mayorov, Nikolay and Nelson, Andrew R. J. and Jones, Eric and Kern, Robert and Larson, Eric and Carey, C J and Polat, {\.I}lhan and Feng, Yu and Moore, Eric W. and {VanderPlas}, Jake and Laxalde, Denis and Perktold, Josef and Cimrman, Robert and Henriksen, Ian and Quintero, E. A. and Harris, Charles R. and Archibald, Anne M. and Ribeiro, Ant{\^o}nio H. and Pedregosa, Fabian and {van Mulbregt}, Paul and {SciPy 1.0 Contributors}},
  title = {{{SciPy} 1.0: Fundamental Algorithms for Scientific Computing in Python}},
  journal = {Nature Methods},
  year  = {2020},
  volume  = {17},
  pages = {261--272},
  doi = {10.1038/s41592-019-0686-2},
}

@article{NumPy,
  author  = {Harris, Charles R. and Millman, K. Jarrod and van der Walt, Stéfan J and Gommers, Ralf and Virtanen, Pauli and Cournapeau, David and Wieser, Eric and Taylor, Julian and Berg, Sebastian and Smith, Nathaniel J. and Kern, Robert and Picus, Matti and Hoyer, Stephan and van Kerkwijk, Marten H. and Brett, Matthew and Haldane, Allan and Fernández del Río, Jaime and Wiebe, Mark and Peterson, Pearu andGérard-Marchant, Pierre and Sheppard, Kevin and Reddy, Tyler and Weckesser, Warren and Abbasi, Hameer and Gohlke, Christoph and Oliphant, Travis E.},
  title = {Array programming with {NumPy}},
  journal = {Nature},
  year = {2020},
  volume = {585},
  pages = {357--362},
  doi = {10.1038/s41586-020-2649-2}
}

% Note that sometimes your citations do not include an author's first name but instead just the initials, e.g., J. D. Hunter. This is generally fine, but be careful. If your citation style usually include the full first name and the full last name, you need to make sure every citation has both.
@article{Matplotlib,
  author = {J. D. Hunter},
  journal = {Computing in Science Engineering}, 
  title = {Matplotlib: {A} {2D} {G}raphics {E}nvironment}, 
  year = {2007},
  volume = {9},
  number = {3},
  pages = {90--95},
  doi = {10.1109/MCSE.2007.55}
}

